<record><leader>00000cas a22000007a 4500</leader><controlfield tag="001">27194574</controlfield><controlfield tag="008">930104d19041908nmuwr ne      0   a0spa d</controlfield><datafield ind1=" " ind2=" " tag="010"><subfield code="a">sn 93061467 </subfield></datafield><datafield ind1=" " ind2=" " tag="040"><subfield code="a">NVM</subfield><subfield code="b">eng</subfield><subfield code="c">NVM</subfield><subfield code="d">CNW</subfield><subfield code="d">NVM</subfield><subfield code="d">OCLCQ</subfield><subfield code="d">DLC</subfield><subfield code="d">OCLCF</subfield><subfield code="d">OCLCO</subfield><subfield code="d">DLC</subfield></datafield><datafield ind1="0" ind2=" " tag="022"><subfield code="a">2379-0199</subfield><subfield code="2">1</subfield></datafield><datafield ind1=" " ind2=" " tag="042"><subfield code="a">msc</subfield><subfield code="a">nsdp</subfield></datafield><datafield ind1=" " ind2=" " tag="043"><subfield code="a">n-us-nm</subfield></datafield><datafield ind1="0" ind2="0" tag="050"><subfield code="a">Newspaper</subfield></datafield><datafield ind1="0" ind2="0" tag="082"><subfield code="a">071</subfield><subfield code="2">23</subfield></datafield><datafield ind1=" " ind2="4" tag="222"><subfield code="a">Las Nuevas de la Estancia</subfield><subfield code="b">(Print)</subfield></datafield><datafield ind1="0" ind2="4" tag="245"><subfield code="a">Las Nuevas de la Estancia.</subfield></datafield><datafield ind1="1" ind2="3" tag="246"><subfield code="a">Estancia news</subfield></datafield><datafield ind1=" " ind2=" " tag="260"><subfield code="a">Estancia, Nuevo Me&#769;jico :</subfield><subfield code="b">P.A. Speckmann</subfield></datafield><datafield ind1=" " ind2=" " tag="300"><subfield code="a">v.</subfield></datafield><datafield ind1=" " ind2=" " tag="310"><subfield code="a">Weekly</subfield></datafield><datafield ind1="1" ind2=" " tag="362"><subfield code="a">Began October 21, 1904; ceased in Apr. 1908.</subfield></datafield><datafield ind1=" " ind2=" " tag="500"><subfield code="a">Companion newspaper: The Estancia news (1904-1908).</subfield></datafield><datafield ind1=" " ind2=" " tag="530"><subfield code="a">Also on microfilm: Palo Alto, Calif. : Bay Microfilm, Inc., Library Microfilms Div.</subfield></datafield><datafield ind1=" " ind2=" " tag="530"><subfield code="a">Archived issues are available in digital format from the Library of Congress Chronicling America online collection.</subfield></datafield><datafield ind1=" " ind2=" " tag="546"><subfield code="a">In Spanish.</subfield></datafield><datafield ind1=" " ind2=" " tag="580"><subfield code="a">Absorbed by The Estancia news (Apr. 1908). Cf. Grove, Pearce S. /New Mexico newspapers.</subfield></datafield><datafield ind1=" " ind2=" " tag="588"><subfield code="a">Description based on: T. 1, no. 46 (1 de set. 1905).</subfield></datafield><datafield ind1=" " ind2="0" tag="650"><subfield code="a">Hispanic Americans</subfield><subfield code="z">New Mexico</subfield><subfield code="v">Newspapers.</subfield></datafield><datafield ind1=" " ind2="0" tag="651"><subfield code="a">Estancia (N.M.)</subfield><subfield code="v">Newspapers.</subfield></datafield><datafield ind1=" " ind2="0" tag="651"><subfield code="a">Torrance County (N.M.)</subfield><subfield code="v">Newspapers.</subfield></datafield><datafield ind1=" " ind2="7" tag="650"><subfield code="a">Hispanic Americans.</subfield><subfield code="2">fast</subfield><subfield code="0">(OCoLC)fst00957523</subfield></datafield><datafield ind1=" " ind2="7" tag="651"><subfield code="a">New Mexico.</subfield><subfield code="2">fast</subfield><subfield code="0">(OCoLC)fst01204269</subfield></datafield><datafield ind1=" " ind2="7" tag="651"><subfield code="a">New Mexico</subfield><subfield code="z">Estancia.</subfield><subfield code="2">fast</subfield><subfield code="0">(OCoLC)fst01877846</subfield></datafield><datafield ind1=" " ind2="7" tag="651"><subfield code="a">New Mexico</subfield><subfield code="z">Torrance County.</subfield><subfield code="2">fast</subfield><subfield code="0">(OCoLC)fst01221451</subfield></datafield><datafield ind1=" " ind2="7" tag="655"><subfield code="a">Newspapers.</subfield><subfield code="2">fast</subfield><subfield code="0">(OCoLC)fst01423814</subfield></datafield><datafield ind1=" " ind2=" " tag="752"><subfield code="a">United States</subfield><subfield code="b">New Mexico</subfield><subfield code="c">Torrance</subfield><subfield code="d">Estancia.</subfield></datafield><datafield ind1="0" ind2="8" tag="776"><subfield code="i">Online version:</subfield><subfield code="t">Nuevas de la Estancia</subfield><subfield code="x">2379-0202</subfield><subfield code="w">(DLC)  2015218752</subfield><subfield code="w">(OCoLC)908456281</subfield></datafield><datafield ind1="1" ind2="4" tag="785"><subfield code="t">Estancia news</subfield><subfield code="x">2379-0032</subfield><subfield code="w">(DLC)sn 93061466</subfield><subfield code="w">(OCoLC)27194600</subfield></datafield><datafield ind1="4" ind2="1" tag="856"><subfield code="u">http://www.loc.gov/chroniclingamerica/lccn/sn93061467/issues</subfield></datafield><datafield ind1="1" ind2=" " tag="029"><subfield code="a">AU@</subfield><subfield code="b">000020734212</subfield></datafield></record>